@book{RusselNorvig95,
author= "Russel, S. \and Norvig, P.",
title= "{A}rtificial {I}ntelligence: a modern approach",
publisher= "Prentice Hall",
address= "New York",
year= "1995",
}

@misc{ccorn,
title = "Biblioth√®que {C}-{C}orn",
note = "\url{http://c-corn.cs.ru.nl/}",
}

@misc{stdlib,
title = "Librairie standard de {C}oq",
note = "\url{http://coq.inria.fr/stdlib/}",
}

@misc{coquille,
title = "Site de \coquille{}",
note = "\url{http://graal.ens-lyon.fr/coquille/}",
}

@misc{wikicoquille,
title = "Wiki de \coquille{}",
note = "\url{http://coquille.wikispot.org/}",
}