@MISC{automath,
      AUTHOR = "F. Dechesne",
      TITLE = "Archives Automath",
      HOWPUBLISHED = "\url{http://www.win.tue.nl/automath/}"
}

@TechReport{naming_conventions,
 author = {Hugo Herbelin},
 title = {Proposed naming conventions for the {C}oq standard library},
 institution = {INRIA},
 year = {2009},
 howpublished = "\url{https://gforge.inria.fr/plugins/scmsvn/viewcvs.php/trunk/dev/doc/naming-conventions.tex?rev=12282&root=coq&view=markup}"
}

@article{LICS04,
author = {Yohji Akama and Stefano Berardi and Susumu Hayashi and Ulrich Kohlenbach},
title = {An {A}rithmetical {H}ierarchy of the {L}aw of {E}xcluded {M}iddle and {R}elated {P}rinciples},
journal ={Logic in Computer Science, Symposium on},
year = {2004},
publisher = {IEEE Computer Society},
}

@article{DBLP08,
author    = {Cezary Kaliszyk and Russell O'Connor},
title     = {{C}omputing with {C}lassical {R}eal {N}umbers},
journal   = {Journal of Formalized Reasoning},
year      = {2008},
}

@inproceedings{Ciaffaglione00,
  author    = {Alberto Ciaffaglione and Pietro Di Gianantonio},
  title     = {A {T}our with {C}onstructive {R}eal {N}umbers},
  year      = {2000},
}
